<?xml version="1.0" encoding="UTF-8"?><collection xmlns="http://www.loc.gov/MARC21/slim"><record><leader>00387nam--2200133-i-4500</leader><controlfield tag="001">000008194</controlfield><controlfield tag="002">20161230</controlfield><controlfield tag="005">20161230201027</controlfield><controlfield tag="008">060222s1000------------r-----000-0-eng-d</controlfield><datafield ind1=" " ind2=" " tag="100"><subfield code="a">Collins, John T</subfield></datafield><datafield ind1=" " ind2=" " tag="245"><subfield code="a">Criteria for high efficiency filter instalations at the national reactor testing station</subfield></datafield><datafield ind1=" " ind2=" " tag="260"><subfield code="a">/Washington, U.S.A.E.C./, 1965</subfield></datafield><datafield ind1=" " ind2=" " tag="490"><subfield code="a">V+53p.Foto</subfield></datafield><datafield ind1=" " ind2=" " tag="852"><subfield code="a">621.039.58</subfield></datafield></record></collection>